@book{Beiser1995concepts,
  author = {Beiser, Arthur},
  publisher = {McGraw-Hill},
  title = {Concepts in Modern Physics},
  year = {1995}
}

@book{simonyi-2012,
	author = {Simonyi, KÃ¡roly},
	month = {1},
	publisher = {CRC Press},
	title = {{A Cultural History of Physics}},
	year = {2012},
}